<?xml version="1.0" encoding="UTF-8"?><collection xmlns="http://www.loc.gov/MARC21/slim"><record><leader>00493nam--2200157-i-4500</leader><controlfield tag="001">000008349</controlfield><controlfield tag="002">20161230</controlfield><controlfield tag="005">20161230201027</controlfield><controlfield tag="008">060222s1000------------r-----000-0-eng-d</controlfield><datafield ind1=" " ind2=" " tag="040"><subfield code="a">IFIN-HH</subfield></datafield><datafield ind1="1" ind2=" " tag="100"><subfield code="a">Cap, F</subfield></datafield><datafield ind1="1" ind2="0" tag="245"><subfield code="a">Gasdynamic methods in magnetohydrodynamics</subfield><subfield code="b">Final report 1 jan, 1963, 31 dec., 1966</subfield><subfield code="c">F. CAP (Principal invertigator)</subfield></datafield><datafield ind1=" " ind2=" " tag="260"><subfield code="a">Innsbruck, Institute For Theoretical Physics, 1966</subfield></datafield><datafield ind1=" " ind2=" " tag="300"><subfield code="a">71 P. + 14 PL</subfield></datafield><datafield ind1=" " ind2=" " tag="852"><subfield code="a">27979</subfield><subfield code="c">533.9</subfield></datafield><datafield ind1=" " ind2=" " tag="CAT"><subfield code="a">Sys</subfield><subfield code="c">20100922</subfield><subfield code="h">153914</subfield></datafield></record></collection>